<record><leader>03301cam a2200445 i 4500</leader><controlfield tag="001">6812441</controlfield><controlfield tag="003">OCoLC</controlfield><controlfield tag="005">20150211161640.0</controlfield><controlfield tag="008">140429t20152015enk      b    000 0 eng  </controlfield><datafield ind1=" " ind2=" " tag="010"><subfield code="a">  2014006186</subfield></datafield><datafield ind1=" " ind2=" " tag="020"><subfield code="a">9781138021150 (hardback)</subfield></datafield><datafield ind1=" " ind2=" " tag="020"><subfield code="a">1138021156 (hardback)</subfield></datafield><datafield ind1=" " ind2=" " tag="020"><subfield code="z">9781315777955 (ebook)</subfield></datafield><datafield ind1="8" ind2=" " tag="024"><subfield code="a">40023989504</subfield></datafield><datafield ind1=" " ind2=" " tag="035"><subfield code="a">ocn894506003</subfield></datafield><datafield ind1=" " ind2=" " tag="040"><subfield code="a">DLC</subfield><subfield code="b">eng</subfield><subfield code="e">rda</subfield><subfield code="c">DLC</subfield><subfield code="d">YDX</subfield><subfield code="d">YDXCP</subfield><subfield code="d">BTCTA</subfield><subfield code="d">BDX</subfield><subfield code="d">OCLCF</subfield><subfield code="d">YUS</subfield><subfield code="d">UAB</subfield><subfield code="d">AEU</subfield></datafield><datafield ind1="1" ind2=" " tag="041"><subfield code="a">eng</subfield><subfield code="h">fre</subfield></datafield><datafield ind1=" " ind2=" " tag="042"><subfield code="a">pcc</subfield></datafield><datafield ind1="0" ind2="0" tag="050"><subfield code="a">HD83</subfield><subfield code="b">.R37913 2015</subfield></datafield><datafield ind1="0" ind2="0" tag="082"><subfield code="a">338.9</subfield><subfield code="2">23</subfield></datafield><datafield ind1=" " ind2=" " tag="084"><subfield code="a">BUS099000</subfield><subfield code="2">bisacsh</subfield></datafield><datafield ind1=" " ind2=" " tag="090"><subfield code="a">HD 83 R37913 2015</subfield><subfield code="b">AEU</subfield></datafield><datafield ind1="0" ind2=" " tag="130"><subfield code="a">Red&#233;finir la prosp&#233;rit&#233;.</subfield><subfield code="l">English</subfield></datafield><datafield ind1="1" ind2="0" tag="245"><subfield code="a">Redefining prosperity /</subfield><subfield code="c">edited by Isabelle Cassiers.</subfield></datafield><datafield ind1=" " ind2="1" tag="264"><subfield code="a">London ;</subfield><subfield code="a">New York :</subfield><subfield code="b">Routledge/Taylor &amp; Francis Group,</subfield><subfield code="c">2015.</subfield></datafield><datafield ind1=" " ind2="4" tag="264"><subfield code="c">&#169;2015</subfield></datafield><datafield ind1=" " ind2=" " tag="300"><subfield code="a">xx, 174 pages ;</subfield><subfield code="c">24 cm.</subfield></datafield><datafield ind1=" " ind2=" " tag="336"><subfield code="a">text</subfield><subfield code="2">rdacontent</subfield></datafield><datafield ind1=" " ind2=" " tag="337"><subfield code="a">unmediated</subfield><subfield code="2">rdamedia</subfield></datafield><datafield ind1=" " ind2=" " tag="338"><subfield code="a">volume</subfield><subfield code="2">rdacarrier</subfield></datafield><datafield ind1="1" ind2=" " tag="490"><subfield code="a">Routledge studies in ecological economics ;</subfield><subfield code="v">36</subfield></datafield><datafield ind1=" " ind2=" " tag="504"><subfield code="a">Includes bibliographical references.</subfield></datafield><datafield ind1=" " ind2=" " tag="520"><subfield code="a">"Society today faces a difficult contradiction: we know exactly how the physical limits of our planet are being reached and exactly why we cannot go on as we have before--and yet, collectively, we seem unable to reach crucial decisions for our future in a timely way. This book argues that our definition of prosperity, which we have long assimilated with the idea of material wealth, may be preventing us from imagining a future that meets essential human aspirations without straining our planet to the breaking point. In other words, redefining prosperity is a necessary and urgent task.This book is the fruit of a long debate among fifteen scholars from diverse who worked together to bring the depth and nuance of their respective fields to questions that affect us all. The result is a rich, transdisciplinary work that illuminates the philosophical and historical origins of our current definition of prosperity; identifies the complex processes that gave rise to the problems we face today; elucidates the ways in which our contemporary environmental, social, nutritional, economic, political and cultural crises are interconnected; and explores why a half-century of economic growth has neither increased life satisfaction in the West nor vanquished world poverty. Approaching these broad-ranging questions from the specific standpoints of their disciplines, each of the authors offers thoughts for the future, considering possible escape routes and proposing changes to the way we live, behave, and organize society and public action--changes that actually respond, in an equitable way, to our deepest aspirations. Ultimately, in laying the groundwork for a public debate on this subject, this book poses a question to its readers: what is your definition of prosperity, and what can be done to promote it?"--</subfield><subfield code="c">Provided by publisher.</subfield></datafield><datafield ind1=" " ind2=" " tag="596"><subfield code="a">16</subfield></datafield><datafield ind1=" " ind2="0" tag="650"><subfield code="a">Economic development.</subfield></datafield><datafield ind1=" " ind2="0" tag="650"><subfield code="a">Wealth.</subfield></datafield><datafield ind1="1" ind2=" " tag="700"><subfield code="a">Cassiers, Isabelle.</subfield></datafield><datafield ind1=" " ind2="0" tag="830"><subfield code="a">Routledge studies in ecological economics ;</subfield><subfield code="v">36.</subfield></datafield><datafield ind1=" " ind2=" " tag="949"><subfield code="a">HD 83 R37913 2015</subfield><subfield code="h">UAAU-B</subfield><subfield code="i">0162035242575</subfield></datafield><datafield ind1=" " ind2=" " tag="926"><subfield code="a">HD 83 R37913 2015</subfield><subfield code="w">LC</subfield><subfield code="c">1</subfield><subfield code="i">0162035242575</subfield><subfield code="l">ON_SHELF</subfield><subfield code="m">UAAUG</subfield><subfield code="p">$150.00</subfield><subfield code="r">Y</subfield><subfield code="s">Y</subfield><subfield code="t">BOOK</subfield><subfield code="u">2/26/2015</subfield></datafield></record>